<record><leader>00000cas a22000007a 4500</leader><controlfield tag="001">15193404</controlfield><controlfield tag="008">870213d19191926msudr ne      0   a0eng d</controlfield><datafield ind1=" " ind2=" " tag="010"><subfield code="a">sn 87065131 </subfield></datafield><datafield ind1=" " ind2=" " tag="040"><subfield code="a">MJA</subfield><subfield code="b">eng</subfield><subfield code="c">MJA</subfield><subfield code="d">MSJ</subfield><subfield code="d">OCLCQ</subfield><subfield code="d">DLC</subfield><subfield code="d">OCLCF</subfield></datafield><datafield ind1="0" ind2=" " tag="022"><subfield code="a">2575-4564</subfield><subfield code="2">1</subfield></datafield><datafield ind1=" " ind2=" " tag="042"><subfield code="a">msc</subfield><subfield code="a">nsdp</subfield></datafield><datafield ind1=" " ind2=" " tag="043"><subfield code="a">n-us-ms</subfield></datafield><datafield ind1="0" ind2="0" tag="050"><subfield code="a">Newspaper</subfield></datafield><datafield ind1="1" ind2="0" tag="082"><subfield code="a">071</subfield><subfield code="2">23</subfield></datafield><datafield ind1=" " ind2="0" tag="222"><subfield code="a">Greenwood daily commonwealth</subfield><subfield code="b">(Print)</subfield></datafield><datafield ind1="0" ind2="0" tag="245"><subfield code="a">Greenwood daily commonwealth.</subfield></datafield><datafield ind1=" " ind2=" " tag="260"><subfield code="a">Greenwood, Miss. :</subfield><subfield code="b">J.L. &amp; S. Gillespie,</subfield><subfield code="c">1919-1926.</subfield></datafield><datafield ind1=" " ind2=" " tag="310"><subfield code="a">Daily (except Sunday)</subfield></datafield><datafield ind1="0" ind2=" " tag="362"><subfield code="a">Vol. 3, no. 287 (July 30, 1919)-v. 11, no. 105 (Dec. 31, 1926).</subfield></datafield><datafield ind1=" " ind2=" " tag="530"><subfield code="a">Archived issues are available in digital format from the Library of Congress Chronicling America online collection.</subfield></datafield><datafield ind1=" " ind2=" " tag="580"><subfield code="a">Weekly edition: Commonwealth (Greenwood, Miss. : Weekly).</subfield></datafield><datafield ind1=" " ind2="0" tag="651"><subfield code="a">Greenwood (Miss.)</subfield><subfield code="v">Newspapers.</subfield></datafield><datafield ind1=" " ind2="7" tag="651"><subfield code="a">Mississippi</subfield><subfield code="z">Greenwood.</subfield><subfield code="2">fast</subfield><subfield code="0">(OCoLC)fst01219300</subfield></datafield><datafield ind1=" " ind2="7" tag="655"><subfield code="a">Newspapers.</subfield><subfield code="2">fast</subfield><subfield code="0">(OCoLC)fst01423814</subfield></datafield><datafield ind1=" " ind2=" " tag="752"><subfield code="a">United States</subfield><subfield code="b">Mississippi</subfield><subfield code="c">Leflore</subfield><subfield code="d">Greenwood.</subfield></datafield><datafield ind1="1" ind2=" " tag="775"><subfield code="t">Commonwealth (Greenwood, Miss.)</subfield><subfield code="x">2575-4513</subfield><subfield code="w">(DLC)sn 89065008</subfield><subfield code="w">(OCoLC)15228428</subfield></datafield><datafield ind1="0" ind2="8" tag="776"><subfield code="i">Online version:</subfield><subfield code="t">Greenwood daily commonwealth</subfield><subfield code="x">2575-4572</subfield><subfield code="w">(DLC)  2017218862</subfield><subfield code="w">(OCoLC)1005226449</subfield></datafield><datafield ind1="0" ind2="0" tag="780"><subfield code="t">Daily commonwealth (Greenwood, Miss.)</subfield><subfield code="x">2575-453X</subfield><subfield code="w">(DLC)sn 87065132</subfield><subfield code="w">(OCoLC)15192797</subfield></datafield><datafield ind1="0" ind2="0" tag="785"><subfield code="t">Greenwood commonwealth</subfield><subfield code="x">0884-4569</subfield><subfield code="w">(DLC)sn 84020126</subfield><subfield code="w">(OCoLC)10365695</subfield></datafield><datafield ind1="4" ind2="1" tag="856"><subfield code="u">http://www.loc.gov/chroniclingamerica/lccn/sn87065131/issues</subfield></datafield></record>